
@inproceedings{santos2020,
	title = {AVALIAÇÃO DO CONTEÚDO DOS PORTAIS DOS DEPARTAMENTOS ESTADUAIS DE TRÂNSITO - DETRANs},
	author = {Santos, Pedro Augusto Borges dos and Bastos, Jorge Tiago and Garonce, Francisco Vieira},
	year = {2020},
	month = {11},
	date = {2020-11-28},
	pages = {121--128},
	doi = {10.5380/2stpr2020.comtec02p121-128},
	url = {https://eventos.ufpr.br/stpr/2stpr/paper/view/4327/971}
}
